<record><leader>02391cam a2200505 i 4500</leader><controlfield tag="001">6765760</controlfield><controlfield tag="003">OCoLC</controlfield><controlfield tag="005">20141210092300.0</controlfield><controlfield tag="008">140926s2015    enka     b    001 0 eng  </controlfield><datafield ind1=" " ind2=" " tag="010"><subfield code="a">  2014013898</subfield></datafield><datafield ind1=" " ind2=" " tag="020"><subfield code="a">9780415734462 (hardback : alkaline paper)</subfield></datafield><datafield ind1=" " ind2=" " tag="020"><subfield code="a">0415734460 (hardback : alkaline paper)</subfield></datafield><datafield ind1=" " ind2=" " tag="020"><subfield code="z">9781315817118 (ebook)</subfield></datafield><datafield ind1="8" ind2=" " tag="024"><subfield code="a">40024237501</subfield></datafield><datafield ind1=" " ind2=" " tag="035"><subfield code="a">ocn891941533</subfield></datafield><datafield ind1=" " ind2=" " tag="040"><subfield code="a">DLC</subfield><subfield code="e">rda</subfield><subfield code="b">eng</subfield><subfield code="c">DLC</subfield><subfield code="d">YDX</subfield><subfield code="d">YDXCP</subfield><subfield code="d">OCLCO</subfield><subfield code="d">CHVBK</subfield><subfield code="d">YUS</subfield><subfield code="d">UAB</subfield></datafield><datafield ind1=" " ind2=" " tag="042"><subfield code="a">pcc</subfield></datafield><datafield ind1=" " ind2=" " tag="043"><subfield code="a">ew-----</subfield></datafield><datafield ind1="0" ind2="0" tag="050"><subfield code="a">D1056.2.M87</subfield><subfield code="b">G64 2015</subfield></datafield><datafield ind1="0" ind2="0" tag="082"><subfield code="a">305.6/97094</subfield><subfield code="2">23</subfield></datafield><datafield ind1=" " ind2=" " tag="090"><subfield code="a">D 1056.2 M87 G64 2015</subfield><subfield code="b">AEU</subfield></datafield><datafield ind1="1" ind2=" " tag="100"><subfield code="a">Goerzig, Carolin.,</subfield><subfield code="e">author.</subfield></datafield><datafield ind1="1" ind2="0" tag="245"><subfield code="a">Radicalization in Western Europe :</subfield><subfield code="b">integration, public discourse, and loss of identity among Muslim communities /</subfield><subfield code="c">Carolin Goerzig and Khaled Al-Hashimi.</subfield></datafield><datafield ind1=" " ind2="1" tag="264"><subfield code="a">Milton Park, Abingdon, Oxon :</subfield><subfield code="b">Routledge, Taylor &amp; Francis Group,</subfield><subfield code="c">2015.</subfield></datafield><datafield ind1=" " ind2=" " tag="300"><subfield code="a">174 pages :</subfield><subfield code="b">illustrations ;</subfield><subfield code="c">24 cm.</subfield></datafield><datafield ind1=" " ind2=" " tag="336"><subfield code="a">text</subfield><subfield code="b">txt</subfield><subfield code="2">rdacontent</subfield></datafield><datafield ind1=" " ind2=" " tag="337"><subfield code="a">unmediated</subfield><subfield code="b">n</subfield><subfield code="2">rdamedia</subfield></datafield><datafield ind1=" " ind2=" " tag="338"><subfield code="a">volume</subfield><subfield code="b">nc</subfield><subfield code="2">rdacarrier</subfield></datafield><datafield ind1="1" ind2=" " tag="490"><subfield code="a">Contemporary terrorism studies</subfield></datafield><datafield ind1=" " ind2=" " tag="504"><subfield code="a">Includes bibliographical references (pages 162-174) and index.</subfield></datafield><datafield ind1="0" ind2=" " tag="505"><subfield code="a">The state of the art -- Defining radicalization -- Researching radicalization -- A new generation of Muslims in Europe -- A puzzling historical context -- An intra-European comparison -- Understanding radicalization -- Conclusion: The findings, implications, and applications.</subfield></datafield><datafield ind1=" " ind2=" " tag="596"><subfield code="a">16 43</subfield></datafield><datafield ind1=" " ind2="0" tag="650"><subfield code="a">Muslims</subfield><subfield code="z">Europe, Western</subfield><subfield code="x">Politics and government.</subfield></datafield><datafield ind1=" " ind2="0" tag="650"><subfield code="a">Muslims</subfield><subfield code="z">Europe, Western</subfield><subfield code="x">Ethnic identity.</subfield></datafield><datafield ind1=" " ind2="0" tag="650"><subfield code="a">Muslims</subfield><subfield code="z">Europe, Western</subfield><subfield code="x">Social conditions.</subfield></datafield><datafield ind1=" " ind2="0" tag="650"><subfield code="a">Radicalism</subfield><subfield code="z">Europe, Western.</subfield></datafield><datafield ind1=" " ind2="0" tag="650"><subfield code="a">Social integration</subfield><subfield code="z">Europe, Western.</subfield></datafield><datafield ind1=" " ind2="0" tag="650"><subfield code="a">Discourse analysis</subfield><subfield code="z">Europe, Western.</subfield></datafield><datafield ind1=" " ind2="0" tag="651"><subfield code="a">Europe, Western</subfield><subfield code="x">Ethnic relations.</subfield></datafield><datafield ind1=" " ind2="0" tag="651"><subfield code="a">Europe, Western</subfield><subfield code="x">Social conditions.</subfield></datafield><datafield ind1="1" ind2=" " tag="700"><subfield code="a">Al-Hashimi, Khaled,</subfield><subfield code="e">author.</subfield></datafield><datafield ind1=" " ind2="0" tag="830"><subfield code="a">Contemporary terrorism studies.</subfield></datafield><datafield ind1=" " ind2=" " tag="949"><subfield code="a">D 1056.2 M87 G64 2015</subfield><subfield code="c">1</subfield><subfield code="h">UAAU-B</subfield><subfield code="i">0162035214236</subfield></datafield><datafield ind1=" " ind2=" " tag="926"><subfield code="a">D 1056.2 M87 G64 2015</subfield><subfield code="w">LC</subfield><subfield code="c">1</subfield><subfield code="i">0162035214236</subfield><subfield code="d">3/24/2016</subfield><subfield code="e">2/23/2016</subfield><subfield code="l">ON_SHELF</subfield><subfield code="m">UAAUG</subfield><subfield code="n">2</subfield><subfield code="p">$150.00</subfield><subfield code="r">Y</subfield><subfield code="s">Y</subfield><subfield code="t">BOOK</subfield><subfield code="u">1/6/2015</subfield></datafield><datafield ind1=" " ind2=" " tag="926"><subfield code="a">D 1056.2 M87 G64 2015</subfield><subfield code="w">LC</subfield><subfield code="c">1</subfield><subfield code="i">0162035221132</subfield><subfield code="d">1/4/2016</subfield><subfield code="e">11/23/2015</subfield><subfield code="l">ON_SHELF</subfield><subfield code="m">UAHSS</subfield><subfield code="n">2</subfield><subfield code="p">$150.00</subfield><subfield code="r">Y</subfield><subfield code="s">Y</subfield><subfield code="t">BOOK</subfield><subfield code="u">1/21/2015</subfield></datafield></record>